<?xml version="1.0" encoding="UTF-8"?><collection xmlns="http://www.loc.gov/MARC21/slim"><record><leader>00334nam--2200121-i-4500</leader><controlfield tag="001">000047543</controlfield><controlfield tag="002">20161230</controlfield><controlfield tag="005">20161230201046</controlfield><controlfield tag="008">060222s1000------------r-----000-0-eng-d</controlfield><datafield ind1=" " ind2=" " tag="100"><subfield code="a">Williams, Emrys</subfield></datafield><datafield ind1=" " ind2=" " tag="245"><subfield code="a">Electric filter circuits. an introductory course</subfield></datafield><datafield ind1=" " ind2=" " tag="260"><subfield code="a">London, Isaac Pitman &amp; Sons Ltd., 1963, Viii+163p</subfield></datafield><datafield ind1=" " ind2=" " tag="852"><subfield code="a">19760</subfield></datafield></record></collection>